@book{Rudin87,
    author    = "Walter Rudin",
    title     = "Real and Functional Analysis",
    publisher = "McGraw-Hill",
    edition   = "3rd",
    year      = "1987",
}

@book{Fey05,
    author    = "Richard Feynman",
    title     = "The Feynman Lectures on Physics",
    volume	  = "3",
    publisher = "Addisonâ€“Wesley",
    edition   = "2nd",
    year      = "2005",
}
