
@book{Nahuel19,
    author    = "Nahuel Foresta",
    title     = "La mia autobiografia",
    publisher = "Splinter",
    volume   = "1",
	 edition  = "2a edizione",
    year      = "2019",
}

@article{Pasqui18,
    author    = "Pasquale Africa",
    title     = "Zen E Latex",
    publisher = "Splinter",
	 edition  = "1a edizione",
    year      = "2018",
}
