@article{testart21,
	author = {Surname1, Name1 and Surname2, Name2 and Surname3, Name3},
	title = {Test Article},
	year = {2021},
	pages = {1-100},
	journal = {J. Ver. Import. Thing.},
	volume = {1},
}

@book{testbook21,
	author = {Surname1, Name1 and Surname2, Name2 and Surname3, Name3},
	title = {Test Article},
	year = {2021},
	series = {Lectures in Very Important Things},
	publisher = {Springer},
	volume = {1},
}
@book{testbook20,
	author = {Surname1, Name1 and Surname2, Name2 and Surname3, Name3},
	title = {Test Article},
	year = {2021},
	series = {Lectures in Very Important Things},
	publisher = {Springer},
	volume = {1},
}
@book{testbook22,
	author = {Surname1, Name1 and Surname2, Name2 and Surname3, Name3},
	title = {Test Article},
	year = {2021},
	series = {Lectures in Very Important Things},
	publisher = {Springer},
	volume = {1},
}
@book{testbook23,
	author = {Surname1, Name1 and Surname2, Name2 and Surname3, Name3},
	title = {Test Article},
	year = {2021},
	series = {Lectures in Very Important Things},
	publisher = {Springer},
	volume = {1},
}
@book{testbook24,
	author = {Surname1, Name1 and Surname2, Name2 and Surname3, Name3},
	title = {Test Article},
	year = {2021},
	series = {Lectures in Very Important Things},
	publisher = {Springer},
	volume = {1},
}
